@Manual{QRC,
title = {Thumb® 16-bit Instruction Set Quick Reference Card},
OPTkey = {•},
OPTauthor = {•},
OPTorganization = {},
OPTaddress = {http://infocenter.arm.com/help/topic/com.arm.doc.qrc0006e/QRC0006_UAL16.pdf},
OPTedition = {•},
OPTmonth = {•},
OPTyear = {•},
OPTnote = {•},
OPTannote = {•}
}

@Manual{ARMARM,
title = {ARM Architecture Reference Manual},
OPTkey = {•},
OPTauthor = {•},
OPTorganization = {},
OPTaddress = {https://silver.arm.com/download/ARM_and_AMBA_Architecture/AR570-DC-11001-r0p0-00rel6/DDI0406B_arm_architecture_reference_manual_errata_markup_10_0.pdf (registration required)},
OPTedition = {•},
OPTmonth = {•},
OPTyear = {•},
OPTnote = {•},
OPTannote = {•}
}

@Manual{GCC,
title = {GCC Online Documentation},
OPTkey = {•},
OPTauthor = {•},
OPTorganization = {},
OPTaddress = {http://gcc.gnu.org/onlinedocs},
OPTedition = {•},
OPTmonth = {•},
OPTyear = {•},
OPTnote = {•},
OPTannote = {•}
}


@Manual{mentor,
title = {Modelsim SE Tutorial},
OPTkey = {•},
OPTauthor = {•},
OPTorganization = {},
OPTaddress = {},
OPTedition = {•},
OPTmonth = {•},
OPTyear = {•},
OPTnote = {•},
OPTannote = {•}
}



